<record><leader>00000cas a2200000 a 4500</leader><controlfield tag="001">213356406</controlfield><controlfield tag="007">hd ||||||||||</controlfield><controlfield tag="008">080312d19661992dcuer nea     |    0eng c</controlfield><datafield ind1=" " ind2=" " tag="010"><subfield code="a">  2008233405</subfield></datafield><datafield ind1=" " ind2=" " tag="040"><subfield code="a">GUA</subfield><subfield code="b">eng</subfield><subfield code="c">GUA</subfield><subfield code="d">GUA</subfield><subfield code="d">OCLCQ</subfield><subfield code="d">UKMGB</subfield><subfield code="d">OCLCQ</subfield><subfield code="d">OCLCF</subfield><subfield code="d">OCLCO</subfield><subfield code="d">OCLCQ</subfield></datafield><datafield ind1="7" ind2=" " tag="016"><subfield code="a">013914815</subfield><subfield code="2">Uk</subfield></datafield><datafield ind1=" " ind2=" " tag="019"><subfield code="a">5461253</subfield></datafield><datafield ind1=" " ind2=" " tag="042"><subfield code="a">pcc</subfield></datafield><datafield ind1=" " ind2=" " tag="043"><subfield code="a">n-us-fl</subfield><subfield code="a">n-us-dc</subfield></datafield><datafield ind1=" " ind2="4" tag="050"><subfield code="a">AN58</subfield><subfield code="b">.C655</subfield></datafield><datafield ind1="0" ind2="4" tag="245"><subfield code="a">The Times of the Americas.</subfield></datafield><datafield ind1=" " ind2=" " tag="260"><subfield code="a">Miami, Fla. :</subfield><subfield code="b">Times of Havana Pub. Co.,</subfield><subfield code="c">1966-1992.</subfield></datafield><datafield ind1=" " ind2=" " tag="300"><subfield code="a">volumes</subfield></datafield><datafield ind1=" " ind2=" " tag="310"><subfield code="a">Biweekly,</subfield><subfield code="b">June 13, 1973-1992</subfield></datafield><datafield ind1=" " ind2=" " tag="321"><subfield code="a">Weekly,</subfield><subfield code="b">1966-May 30, 1973</subfield></datafield><datafield ind1=" " ind2=" " tag="336"><subfield code="a">text</subfield><subfield code="b">txt</subfield><subfield code="2">rdacontent</subfield></datafield><datafield ind1=" " ind2=" " tag="337"><subfield code="a">microform</subfield><subfield code="b">h</subfield><subfield code="2">rdamedia</subfield></datafield><datafield ind1=" " ind2=" " tag="338"><subfield code="a">microfilm reel</subfield><subfield code="b">hd</subfield><subfield code="2">rdacarrier</subfield></datafield><datafield ind1="0" ind2=" " tag="362"><subfield code="a">Vol. 10, no. 1 (Jan. 26, 1966)-v. 36, no. 6 (Mar. 18, 1992).</subfield></datafield><datafield ind1=" " ind2=" " tag="500"><subfield code="a">Published at: Miami, Fla., 1966-Sept. 24, 1969; Washington, D.C., Oct. 1, 1969-1992.</subfield></datafield><datafield ind1=" " ind2=" " tag="500"><subfield code="a">Clarence W. Moore, publisher.</subfield></datafield><datafield ind1=" " ind2=" " tag="500"><subfield code="a">"Founded in 1956 in Havana as The Times of Havanna and as The National Weekly about Los Angeles ..."</subfield></datafield><datafield ind1=" " ind2=" " tag="520"><subfield code="a">"The national newspaper about all of Latin America."</subfield></datafield><datafield ind1=" " ind2=" " tag="533"><subfield code="a">Microfilm.</subfield><subfield code="b">Wooster, Ohio :</subfield><subfield code="c">Micro Photo Division.</subfield><subfield code="e">2 microfilm reels ; 35 mm.</subfield><subfield code="m">1971-1972.</subfield><subfield code="f">(Contemporary newspapers of the North American Indian ; reel 16-17).</subfield></datafield><datafield ind1=" " ind2=" " tag="539"><subfield code="a">d</subfield><subfield code="b">1971</subfield><subfield code="c">1972</subfield><subfield code="d">ohu</subfield><subfield code="e">e</subfield><subfield code="f">r</subfield><subfield code="g">a</subfield></datafield><datafield ind1=" " ind2="0" tag="650"><subfield code="a">Cubans</subfield><subfield code="z">Florida</subfield><subfield code="v">Newspapers.</subfield></datafield><datafield ind1=" " ind2="0" tag="650"><subfield code="a">Cuban Americans</subfield><subfield code="v">Newspapers.</subfield></datafield><datafield ind1=" " ind2="0" tag="650"><subfield code="a">Hispanic Americans</subfield><subfield code="v">Newspapers.</subfield></datafield><datafield ind1=" " ind2="0" tag="650"><subfield code="a">Latin Americans</subfield><subfield code="v">Newspapers.</subfield></datafield><datafield ind1=" " ind2="0" tag="651"><subfield code="a">Miami (Fla.)</subfield><subfield code="v">Newspapers.</subfield></datafield><datafield ind1=" " ind2="0" tag="651"><subfield code="a">Broward County (Fla.)</subfield><subfield code="v">Newspapers.</subfield></datafield><datafield ind1=" " ind2="0" tag="651"><subfield code="a">Miami-Dade County (Fla.)</subfield><subfield code="v">Newspapers.</subfield></datafield><datafield ind1=" " ind2="0" tag="651"><subfield code="a">Washington (D.C.)</subfield><subfield code="v">Newspapers.</subfield></datafield><datafield ind1=" " ind2="7" tag="650"><subfield code="a">Cuban Americans.</subfield><subfield code="2">fast</subfield><subfield code="0">(OCoLC)fst00884777</subfield></datafield><datafield ind1=" " ind2="7" tag="650"><subfield code="a">Cubans.</subfield><subfield code="2">fast</subfield><subfield code="0">(OCoLC)fst00884834</subfield></datafield><datafield ind1=" " ind2="7" tag="650"><subfield code="a">Hispanic Americans.</subfield><subfield code="2">fast</subfield><subfield code="0">(OCoLC)fst00957523</subfield></datafield><datafield ind1=" " ind2="7" tag="650"><subfield code="a">Latin Americans.</subfield><subfield code="2">fast</subfield><subfield code="0">(OCoLC)fst00993069</subfield></datafield><datafield ind1=" " ind2="7" tag="651"><subfield code="a">Florida.</subfield><subfield code="2">fast</subfield><subfield code="0">(OCoLC)fst01205150</subfield></datafield><datafield ind1=" " ind2="7" tag="651"><subfield code="a">Florida</subfield><subfield code="z">Broward County.</subfield><subfield code="2">fast</subfield><subfield code="0">(OCoLC)fst01202766</subfield></datafield><datafield ind1=" " ind2="7" tag="651"><subfield code="a">Florida</subfield><subfield code="z">Miami.</subfield><subfield code="2">fast</subfield><subfield code="0">(OCoLC)fst01213727</subfield></datafield><datafield ind1=" " ind2="7" tag="651"><subfield code="a">Florida</subfield><subfield code="z">Miami-Dade County.</subfield><subfield code="2">fast</subfield><subfield code="0">(OCoLC)fst01287298</subfield></datafield><datafield ind1=" " ind2="7" tag="651"><subfield code="a">Washington (D.C.)</subfield><subfield code="2">fast</subfield><subfield code="0">(OCoLC)fst01204505</subfield></datafield><datafield ind1=" " ind2="7" tag="655"><subfield code="a">Newspapers.</subfield><subfield code="2">fast</subfield><subfield code="0">(OCoLC)fst01423814</subfield></datafield><datafield ind1=" " ind2=" " tag="752"><subfield code="a">United States</subfield><subfield code="b">District of Columbia</subfield><subfield code="d">Washington.</subfield></datafield><datafield ind1=" " ind2=" " tag="752"><subfield code="a">United States</subfield><subfield code="b">Florida</subfield><subfield code="c">Broward</subfield><subfield code="d">Miami.</subfield></datafield><datafield ind1="1" ind2=" " tag="776"><subfield code="t">Times of the Americas</subfield><subfield code="x">0040-7917</subfield><subfield code="w">(DLC)   84647016</subfield><subfield code="w">(OCoLC)1767518</subfield></datafield><datafield ind1="0" ind2="0" tag="780"><subfield code="t">National Weekly about Los Angeles</subfield></datafield><datafield ind1="0" ind2="0" tag="780"><subfield code="t">Times of Havana</subfield><subfield code="w">(DLC)sn 87078508</subfield><subfield code="w">(OCoLC)2268568</subfield></datafield><datafield ind1=" " ind2="0" tag="830"><subfield code="a">Contemporary newspapers of the North American Indian ;</subfield><subfield code="v">reel 16-17.</subfield></datafield></record>